@online{knuthwebsite,
    author        = {Donald Knuth},
    title         = {Knuth: Computers and Typesetting},
    year          = {1984},
    url           = {http://www-cs-faculty.stanford.edu/~uno/abcde.html}
}